@inproceedings{Lee2018HigherorderCR,
title={Higher-order Coreference Resolution with Coarse-to-fine Inference},
author={Kenton Lee and Luheng He and L. Zettlemoyer}, booktitle={NAACL-HLT}, 
year={2018}},

@article{bell2016rulers,
  title={The rulers, elections, and irregular governance dataset (REIGN)},
  author={Bell, Curtis},
  journal={Broomfield, CO: OEF Research. Available at oefresearch.org},
  year={2016}
},

@Manual{rinker2019sentimentr,
    title = {{sentimentr}: Calculate Text Polarity Sentiment},
    author = {Tyler W. Rinker},
    address = {Buffalo, New York},
    note = {version 2.7.1},
    year = {2019},
    url = {http://github.com/trinker/sentimentr},
}

